<record><leader>00000cas a22000007a 4500</leader><controlfield tag="001">12736780</controlfield><controlfield tag="008">851030d18811882pauwr ne      0    0eng d</controlfield><datafield ind1=" " ind2=" " tag="010"><subfield code="a">sn 86081615 </subfield></datafield><datafield ind1=" " ind2=" " tag="040"><subfield code="a">NPH</subfield><subfield code="b">eng</subfield><subfield code="c">NPH</subfield><subfield code="d">NPX</subfield><subfield code="d">NPH</subfield><subfield code="d">OCLCQ</subfield></datafield><datafield ind1=" " ind2=" " tag="042"><subfield code="a">msc</subfield></datafield><datafield ind1="0" ind2=" " tag="130"><subfield code="a">Herald and mirror (Carlisle, Pa.)</subfield></datafield><datafield ind1="1" ind2="0" tag="245"><subfield code="a">Herald and mirror.</subfield></datafield><datafield ind1=" " ind2=" " tag="260"><subfield code="a">Carlisle, Pa. :</subfield><subfield code="b">Herald Print. &amp; Pub. Co.,</subfield><subfield code="c">1881-1882.</subfield></datafield><datafield ind1=" " ind2=" " tag="300"><subfield code="a">2 v.</subfield></datafield><datafield ind1=" " ind2=" " tag="310"><subfield code="a">Weekly</subfield></datafield><datafield ind1="0" ind2=" " tag="362"><subfield code="a">Vol. 1, no. 1 (Mar. 10, 1881)-v. 2, no. 23 (June 1, 1882) = Herald v. 81, no. 9-v. 82, no. 22 = Mirror v. 7, no. 15-v. 8, no. 37.</subfield></datafield><datafield ind1=" " ind2=" " tag="752"><subfield code="a">United States</subfield><subfield code="b">Pennsylvania</subfield><subfield code="c">Cumberland</subfield><subfield code="d">Carlisle.</subfield></datafield><datafield ind1="0" ind2="4" tag="780"><subfield code="t">Carlisle herald (Carlisle, Pa. : 1845)</subfield><subfield code="w">(DLC)sn 86071297</subfield></datafield><datafield ind1="0" ind2="4" tag="780"><subfield code="t">Carlisle semi-weekly mirror</subfield><subfield code="w">(DLC)sn 86081617</subfield><subfield code="w">(OCoLC)12743627</subfield></datafield><datafield ind1="0" ind2="0" tag="785"><subfield code="t">Carlisle herald (Carlisle, Pa. : 1882)</subfield><subfield code="w">(DLC)sn 85038409</subfield></datafield></record>